@article{bernard2010counting,
  title={Counting hard-to-count populations: the network scale-up method for public health},
  author={Bernard, H Russell and Hallett, Tim and Iovita, Alexandrina and Johnsen, Eugene C and Lyerla, Rob and McCarty, Christopher and Mahy, Mary and Salganik, Matthew J and Saliuk, Tetiana and Scutelniciuc, Otilia and others},
  journal={Sexually transmitted infections},
  volume={86},
  number={Suppl 2},
  pages={ii11--ii15},
  year={2010},
  publisher={The Medical Society for the Study of Venereal Disease}
}

@article{bernard1991estimating,
  title={Estimating the size of an average personal network and of an event subpopulation: Some empirical results},
  author={Bernard, H Russell and Johnsen, Eugene C and Killworth, Peter D and Robinson, Scott},
  journal={Social science research},
  volume={20},
  number={2},
  pages={109--121},
  year={1991},
  publisher={Elsevier}
}




@article{long2020antibody,
  title={Antibody responses to SARS-CoV-2 in patients with COVID-19},
  author={Long, Quan-Xin and Liu, Bai-Zhong and Deng, Hai-Jun and Wu, Gui-Cheng and Deng, Kun and Chen, Yao-Kai and Liao, Pu and Qiu, Jing-Fu and Lin, Yong and Cai, Xue-Fei and others},
  journal={Nature Medicine},
  pages={1--4},
  year={2020},
  publisher={Nature Publishing Group}
}

@misc{crowdfight,
  title = {An initiative from the scientific community to put all available resources at the service of the fight against COVID-19},
  author={Crowdfight COVID-19},
  howpublished = {\url{https://crowdfightcovid19.org/}},
  note = {Accessed: 2020-05-20}
}

@misc{FB-survey,
  title = {{COVID-19} Symptom Survey – Request for Data Access},
  author={Facebook Data for Good},
  howpublished = {\url{https://dataforgood.fb.com/docs/covid-19-symptom-survey-request-for-data-access/}},
  note = {Accessed: 2020-05-20}
}



@article{linares1920estimando,
  title={Estimando el n{\'u}mero de casos de COVID-19 a tiempo real utilizando un formulario web a trav{\'e}s de las redes sociales: Proyecto COVID19-TRENDS},
  author={Linares, Manuel and Garitano, Ignacio and Santos, Laura and Ramos, Jos{\'e} M},
  journal={Semergen},
  month=4,
  year={2020},
  publisher={Elsevier}
}

@misc{CoronaSurveys,
  title = {{CoronaSurveys}: Monitoring the Incidence of {COVID}-19 via Open Surveys},
  author={The CoronaSurveys research team},
  howpublished = {\url{https://coronasurveys.org/}},
  note = {Accessed: 2020-05-20}
}


@misc{ECDC,
  title = {COVID-19},
  author={European Centre for Disease Prevention and Control},
  howpublished = {\url{https://www.ecdc.europa.eu/en/covid-19-pandemic}},
  note = {Accessed: 2020-04-09}
}

@misc{dssg-pt,
  title = {Dados relativos à pandemia {COVID}-19 em Portugal},
  author={Data Science for Social Good Portugal},
  howpublished = {\url{https://github.com/dssg-pt/covid19pt-data}},
  note = {Accessed: 2020-04-09}
}


@article{russel2020using,
  title={Using a delay-adjusted case fatality ratio to estimate under-reporting},
  author={Russel, T and Hellewell, Joel and Abbot, S and others},
  journal={Available at the Centre for Mathematical Modelling of Infectious Diseases Repository, here},
  note = {\url{https://cmmid.github.io/topics/covid19/severity/global_cfr_estimates.html}},
  year={2020}
}

@article{nishiura2009early,
	title={Early epidemiological assessment of the virulence of emerging infectious diseases: a case study of an influenza pandemic},
	author={Nishiura, Hiroshi and Klinkenberg, Don and Roberts, Mick and Heesterbeek, Johan AP},
	journal={PLoS One},
	volume={4},
	number={8},
	year={2009},
	note = {\url{https://journals.plos.org/plosone/article?id=10.1371/journal.pone.0006852}},
	publisher={Public Library of Science}
}

@article{yang2012serological,
  title={A serological survey of antibodies to {H5, H7 and H9} avian influenza viruses amongst the duck-related workers in {Beijing}, {China}},
  author={Yang, Peng and Ma, Chunna and Shi, Weixian and Cui, Shujuan and Lu, Guilan and Peng, Xiaomin and Zhang, Daitao and Liu, Yimeng and Liang, Huijie and Zhang, Yi and others},
  journal={PLoS One},
  volume={7},
  number={11},
  year={2012},
  note = {\url{https://journals.plos.org/plosone/article?id=10.1371/journal.pone.0050770}},
  publisher={Public Library of Science}
}

@article{maxmen2020much,
  title={How much is coronavirus spreading under the radar?},
  author={Maxmen, A},
  journal={Nature},
  note = {\url{https://www.nature.com/articles/d41586-020-00760-8}},
  year={2020}
}

@misc{DGS,
  title = {{COVID}-19},
  author={Direção Geral da Saúde, Ministério da Saúde, Portugal},
  howpublished = {\url{https://covid19.min-saude.pt}},
  note = {Accessed: 2020-04-09}
}

@misc{oliver2020covid19impact,
    title={The {Covid19Impact} Survey: Assessing the Pulse of the {COVID-19} Pandemic in {Spain} via 24 questions},
    author={Nuria Oliver and Xavier Barber and Kirsten Roomp and Kristof Roomp},
    year={2020},
    eprint={2004.01014},
    archivePrefix={arXiv},
    primaryClass={cs.CY}
}

@article{DBLP:journals/corr/abs-2004-01014,
  author    = {Nuria Oliver and
               Xavier Barber and
               Kirsten Roomp and
               Kristof Roomp},
  title     = {The Covid19Impact Survey: Assessing the Pulse of the {COVID-19} Pandemic
               in Spain via 24 questions},
  journal   = {CoRR},
  volume    = {abs/2004.01014},
  year      = {2020},
  url       = {https://arxiv.org/abs/2004.01014},
  archivePrefix = {arXiv},
  eprint    = {2004.01014},
  timestamp = {Wed, 08 Apr 2020 17:08:25 +0200},
  biburl    = {https://dblp.org/rec/journals/corr/abs-2004-01014.bib},
  bibsource = {dblp computer science bibliography, https://dblp.org}
}

@misc{Dunbar-wiki,
  title = {Dunbar's number},
  author={Wikipedia},
  howpublished = {\url{https://en.wikipedia.org/wiki/Dunbar's_number}},
  note = {Accessed: 2020-04-09}
}

@book{dunbar2010many,
  title={How many friends does one person need?: {Dunbar's} number and other evolutionary quirks},
  author={Dunbar, Robin},
  year={2010},
  publisher={Faber \& Faber}
}

@article{nishiura2020estimation,
  title={Estimation of the asymptomatic ratio of novel coronavirus infections ({COVID-19})},
  author={Nishiura, Hiroshi and Kobayashi, Tetsuro and Miyama, Takeshi and Suzuki, Ayako and Jung, Sungmok and Hayashi, Katsuma and Kinoshita, Ryo and Yang, Yichi and Yuan, Baoyin and Akhmetzhanov, Andrei R and others},
  journal={medRxiv},
  year={2020},
  publisher={Cold Spring Harbor Laboratory Press}
}

@article{lauer2020incubation,
  title={The incubation period of coronavirus disease 2019 ({COVID-19}) from publicly reported confirmed cases: estimation and application},
  author={Lauer, Stephen A and Grantz, Kyra H and Bi, Qifang and Jones, Forrest K and Zheng, Qulu and Meredith, Hannah R and Azman, Andrew S and Reich, Nicholas G and Lessler, Justin},
  journal={Annals of internal medicine},
  year={2020}
}

@article{ferguson2020report,
  title={Report 9: Impact of non-pharmaceutical interventions ({NPIs}) to reduce {COVID19} mortality and healthcare demand},
  author={Ferguson, Neil and Laydon, Daniel and Nedjati Gilani, Gemma and Imai, Natsuko and Ainslie, Kylie and Baguelin, Marc and Bhatia, Sangeeta and Boonyasiri, Adhiratha and Cucunuba Perez, ZULMA and Cuomo-Dannenburg, Gina and others},
  year={2020}
}

@article{mizumoto2020estimating,
  title={Estimating the asymptomatic proportion of coronavirus disease 2019 ({COVID-19}) cases on board the Diamond Princess cruise ship, {Yokohama}, {Japan}, 2020},
  author={Mizumoto, Kenji and Kagaya, Katsushi and Zarebski, Alexander and Chowell, Gerardo},
  journal={Eurosurveillance},
  volume={25},
  number={10},
  year={2020},
  publisher={European Centre for Disease Prevention and Control}
}

@article{liu2020viral,
  title={Viral dynamics in mild and severe cases of {COVID-19}},
  author={Liu, Yang and Yan, Li-Meng and Wan, Lagen and Xiang, Tian-Xin and Le, Aiping and Liu, Jia-Ming and Peiris, Malik and Poon, Leo LM and Zhang, Wei},
  journal={The Lancet Infectious Diseases},
  year={2020},
  publisher={Elsevier}
}


@article{Verity2020,
	Annote = {doi: 10.1016/S1473-3099(20)30243-7},
	Author = {Verity, Robert and Okell, Lucy C and Dorigatti, Ilaria and Winskill, Peter and Whittaker, Charles and Imai, Natsuko and Cuomo-Dannenburg, Gina and Thompson, Hayley and Walker, Patrick G T and Fu, Han and Dighe, Amy and Griffin, Jamie T and Baguelin, Marc and Bhatia, Sangeeta and Boonyasiri, Adhiratha and Cori, Anne and Cucunub{\'a}, Zulma and FitzJohn, Rich and Gaythorpe, Katy and Green, Will and Hamlet, Arran and Hinsley, Wes and Laydon, Daniel and Nedjati-Gilani, Gemma and Riley, Steven and van Elsland, Sabine and Volz, Erik and Wang, Haowei and Wang, Yuanrong and Xi, Xiaoyue and Donnelly, Christl A and Ghani, Azra C and Ferguson, Neil M},
	Booktitle = {The Lancet Infectious Diseases},
	Date-Added = {2020-04-11 10:00:22 +0000},
	Date-Modified = {2020-04-11 10:00:22 +0000},
	Doi = {10.1016/S1473-3099(20)30243-7},
	Isbn = {1473-3099},
	Journal = {The Lancet Infectious Diseases},
	M3 = {doi: 10.1016/S1473-3099(20)30243-7},
	Month = {2020/04/11},
	Publisher = {Elsevier},
	Title = {Estimates of the severity of coronavirus disease 2019: a model-based analysis},
	Ty = {JOUR},
	Url = {https://doi.org/10.1016/S1473-3099(20)30243-7},
	Bdsk-Url-1 = {https://doi.org/10.1016/S1473-3099(20)30243-7}
}

@article{10.1371/journal.pone.0006852,
    author = {Nishiura, Hiroshi AND Klinkenberg, Don AND Roberts, Mick AND Heesterbeek, Johan A. P.},
    journal = {PLOS ONE},
    publisher = {Public Library of Science},
    title = {Early Epidemiological Assessment of the Virulence of Emerging Infectious Diseases: A Case Study of an Influenza Pandemic},
    year = {2009},
    month = {08},
    volume = {4},
    url = {https://doi.org/10.1371/journal.pone.0006852},
    pages = {1-8},
    number = {8},
    doi = {10.1371/journal.pone.0006852}
}

@article{10.2307/2531405,
 ISSN = {0006341X, 15410420},
 URL = {http://www.jstor.org/stable/2531405},
 abstract = {A method is proposed for obtaining approximate confidence intervals for the ratio of two binomial proportions based on two independent binomially distributed random variables. This method is compared with the one recommended by Katz et al. (1978). The new method, unlike the method of Katz et al., is always consistent with Pearson's chi square test of 2 x 2 tables.},
 author = {P. A. R. Koopman},
 journal = {Biometrics},
 number = {2},
 pages = {513--517},
 publisher = {[Wiley, International Biometric Society]},
 title = {Confidence Intervals for the Ratio of Two Binomial Proportions},
 volume = {40},
 year = {1984}
}

@techreport{ENEcovid19,
  author       = {Gobierno de España, Ministerio de Sanidad, Consumo y Bienestar Social}, 
  title        = {Estudio Nacional de sero-Epidemiología de la Infección por SARS-CoV-2 en España, Informe PRELIMINAR tras la primera ronda},
  institution  = {Gobierno de España, Ministerio de Sanidad, Consumo y Bienestar Social},
  year         = 2020,
  month        = 5,
}

@article{Holt1979,
  title={Post Stratification},
  author = {D. Holt and T. M. F. Smith},
  journal = {Journal of the Royal Statistical Society},
  year = {1979},
  publisher = {Willey}
}